<?xml version="1.0" encoding="UTF-8"?><collection xmlns="http://www.loc.gov/MARC21/slim"><record><leader>00430nam--2200133-i-4500</leader><controlfield tag="001">000011588</controlfield><controlfield tag="002">20161230</controlfield><controlfield tag="005">20161230201029</controlfield><controlfield tag="008">060222s1000------------r-----000-0-eng-d</controlfield><datafield ind1=" " ind2=" " tag="080"><subfield code="a">519:65.012.1</subfield></datafield><datafield ind1=" " ind2=" " tag="100"><subfield code="a">Ackoff, Russell L. Si Sasieni, Maurice W</subfield></datafield><datafield ind1=" " ind2=" " tag="245"><subfield code="a">Bazele cercetarii operationale. traducere din limba engleza de dr.c.berghtaller si conf.dr. s.rudeanu</subfield></datafield><datafield ind1=" " ind2=" " tag="260"><subfield code="a">Bucuresti, Editura Tehnica, 1975 563 P</subfield></datafield><datafield ind1=" " ind2=" " tag="852"><subfield code="a">42949</subfield></datafield></record></collection>